

@article{kaggle,
author = {Awais Khan},
title = {The Plant Pathology 2020 challenge dataset to classify foliar disease of apples},
journal = {CoRR},
volume = 14, 
number = 1, 
pages = {234--778}, 
year = 2020
}


@book{dlbook,
    title={Deep Learning},
    author={Ian Goodfellow and Yoshua Bengio and Aaron Courville},
    publisher={MIT Press},
    note={\url{http://www.deeplearningbook.org}},
    year={2016}
}

@misc{tds,
 author = {Anne Bonner},
 title = {The Complete Beginnerâ€™s Guide to Deep Learning: Convolutional Neural Networks and Image Classification},
 note={\url{https://towardsdatascience.com/wtf-is-image-classification-8e78a8235acb}}
}

@misc{noise,
 author = {Jason Brownlee},
 title = {Train Neural Networks With Noise to Reduce Overfitting},
 note={\url{https://machinelearningmastery.com/train-neural-networks-with-noise-to-reduce-overfitting/}}
}